<?xml version="1.0" encoding="UTF-8"?>
  <record xmlns="http://www.loc.gov/MARC21/slim" type="Authority">
    <leader>00000nz  a2200000oc 4500</leader>
    <controlfield tag="001">1215236603</controlfield>
    <controlfield tag="003">DE-101</controlfield>
    <controlfield tag="005">20200806105215.0</controlfield>
    <controlfield tag="008">200805n||aznnnaabn           | aaa    |c</controlfield>
    <datafield tag="024" ind1="7" ind2=" ">
      <subfield code="a">1215236603</subfield>
      <subfield code="0">http://d-nb.info/gnd/1215236603</subfield>
      <subfield code="2">gnd</subfield>
    </datafield>
    <datafield tag="035" ind1=" " ind2=" ">
      <subfield code="a">(DE-101)1215236603</subfield>
    </datafield>
    <datafield tag="035" ind1=" " ind2=" ">
      <subfield code="a">(DE-588)1215236603</subfield>
    </datafield>
    <datafield tag="040" ind1=" " ind2=" ">
      <subfield code="a">DE-17</subfield>
      <subfield code="c">DE-17</subfield>
      <subfield code="9">r:DE-17</subfield>
      <subfield code="b">ger</subfield>
      <subfield code="d">0017</subfield>
      <subfield code="e">rda</subfield>
    </datafield>
    <datafield tag="042" ind1=" " ind2=" ">
      <subfield code="a">gnd3</subfield>
    </datafield>
    <datafield tag="043" ind1=" " ind2=" ">
      <subfield code="c">XA-DE</subfield>
    </datafield>
    <datafield tag="075" ind1=" " ind2=" ">
      <subfield code="b">p</subfield>
      <subfield code="2">gndgen</subfield>
    </datafield>
    <datafield tag="075" ind1=" " ind2=" ">
      <subfield code="b">piz</subfield>
      <subfield code="2">gndspec</subfield>
    </datafield>
    <datafield tag="079" ind1=" " ind2=" ">
      <subfield code="a">g</subfield>
      <subfield code="q">f</subfield>
    </datafield>
    <datafield tag="100" ind1="1" ind2=" ">
      <subfield code="a">Gabler, Nathan</subfield>
      <subfield code="d">1599-1631</subfield>
    </datafield>
    <datafield tag="500" ind1="1" ind2=" ">
      <subfield code="a">Gabler, Michael</subfield>
      <subfield code="4">bezf</subfield>
      <subfield code="4">https://d-nb.info/standards/elementset/gnd#familialRelationship</subfield>
      <subfield code="w">r</subfield>
      <subfield code="i">Beziehung familiaer</subfield>
      <subfield code="e">Beziehung familiaer</subfield>
      <subfield code="9">v:Vater</subfield>
    </datafield>
    <datafield tag="500" ind1="1" ind2=" ">
      <subfield code="0">(DE-101)117129445</subfield>
      <subfield code="0">(DE-588)117129445</subfield>
      <subfield code="0">https://d-nb.info/gnd/117129445</subfield>
      <subfield code="a">Ilow, Christian &#152;von&#156;</subfield>
      <subfield code="d">1585-1634</subfield>
      <subfield code="4">beza</subfield>
      <subfield code="4">https://d-nb.info/standards/elementset/gnd#acquaintanceshipOrFriendship</subfield>
      <subfield code="w">r</subfield>
      <subfield code="i">Bekanntschaft</subfield>
      <subfield code="e">Bekanntschaft</subfield>
    </datafield>
    <datafield tag="500" ind1="0" ind2=" ">
      <subfield code="0">(DE-101)118693492</subfield>
      <subfield code="0">(DE-588)118693492</subfield>
      <subfield code="0">https://d-nb.info/gnd/118693492</subfield>
      <subfield code="a">Friedrich</subfield>
      <subfield code="b">I.</subfield>
      <subfield code="c">Hessen-Homburg, Landgraf</subfield>
      <subfield code="d">1585-1638</subfield>
      <subfield code="4">bezb</subfield>
      <subfield code="4">https://d-nb.info/standards/elementset/gnd#professionalRelationship</subfield>
      <subfield code="w">r</subfield>
      <subfield code="i">Beziehung beruflich</subfield>
      <subfield code="e">Beziehung beruflich</subfield>
    </datafield>
    <datafield tag="500" ind1="0" ind2=" ">
      <subfield code="0">(DE-101)118884352</subfield>
      <subfield code="0">(DE-588)118884352</subfield>
      <subfield code="0">https://d-nb.info/gnd/118884352</subfield>
      <subfield code="a">Georg</subfield>
      <subfield code="b">II.</subfield>
      <subfield code="c">Hessen-Darmstadt, Landgraf</subfield>
      <subfield code="d">1605-1661</subfield>
      <subfield code="4">bezb</subfield>
      <subfield code="4">https://d-nb.info/standards/elementset/gnd#professionalRelationship</subfield>
      <subfield code="w">r</subfield>
      <subfield code="i">Beziehung beruflich</subfield>
      <subfield code="e">Beziehung beruflich</subfield>
    </datafield>
    <datafield tag="548" ind1=" " ind2=" ">
      <subfield code="a">1599-1631</subfield>
      <subfield code="4">datl</subfield>
      <subfield code="4">https://d-nb.info/standards/elementset/gnd#dateOfBirthAndDeath</subfield>
      <subfield code="w">r</subfield>
      <subfield code="i">Lebensdaten</subfield>
    </datafield>
    <datafield tag="548" ind1=" " ind2=" ">
      <subfield code="a">22.05.1599-29.09.1631</subfield>
      <subfield code="4">datx</subfield>
      <subfield code="4">https://d-nb.info/standards/elementset/gnd#dateOfBirthAndDeath</subfield>
      <subfield code="w">r</subfield>
      <subfield code="i">Exakte Lebensdaten</subfield>
    </datafield>
    <datafield tag="550" ind1=" " ind2=" ">
      <subfield code="0">(DE-101)97447990X</subfield>
      <subfield code="0">(DE-588)4824772-8</subfield>
      <subfield code="0">https://d-nb.info/gnd/4824772-8</subfield>
      <subfield code="a">Kammerdiener</subfield>
      <subfield code="4">beru</subfield>
      <subfield code="4">https://d-nb.info/standards/elementset/gnd#professionOrOccupation</subfield>
      <subfield code="w">r</subfield>
      <subfield code="i">Beruf</subfield>
    </datafield>
    <datafield tag="551" ind1=" " ind2=" ">
      <subfield code="0">(DE-101)041187296</subfield>
      <subfield code="0">(DE-588)4118729-5</subfield>
      <subfield code="0">https://d-nb.info/gnd/4118729-5</subfield>
      <subfield code="a">Sonnenburg</subfield>
      <subfield code="4">ortg</subfield>
      <subfield code="4">https://d-nb.info/standards/elementset/gnd#placeOfBirth</subfield>
      <subfield code="w">r</subfield>
      <subfield code="i">Geburtsort</subfield>
    </datafield>
    <datafield tag="551" ind1=" " ind2=" ">
      <subfield code="0">(DE-101)04011077X</subfield>
      <subfield code="0">(DE-588)4011077-1</subfield>
      <subfield code="0">https://d-nb.info/gnd/4011077-1</subfield>
      <subfield code="a">Darmstadt</subfield>
      <subfield code="4">ortw</subfield>
      <subfield code="4">https://d-nb.info/standards/elementset/gnd#placeOfActivity</subfield>
      <subfield code="w">r</subfield>
      <subfield code="i">Wirkungsort</subfield>
    </datafield>
    <datafield tag="670" ind1=" " ind2=" ">
      <subfield code="a">Vorlage - Arcynsis HStAD, S 1, NACHWEIS1</subfield>
    </datafield>
    <datafield tag="672" ind1=" " ind2="0">
      <subfield code="a">Christliche Predigt In welcher auß deß 91. Psalms Vers. 11. 12. 13. erklärt wirdt, Daß die heilige Engel den Glaubigen unnd Gottsfürchtigen in ihrer Kranckheit und letzten Hinfarth auß dieser Welt auffwarten und dienen. Bey ansehnlicher Leichbegangnuß deß Weyland Ehrnvesten und Achtbarn Herrn Nathan Gablers, Fürstl. Hessen-Darmstadischen Cammerdieners... Gehalten in der Pfarrkirchen Durch Simonem Leißring... Darmstadt: Leinhose, 1632</subfield>
    </datafield>
    <datafield tag="678" ind1=" " ind2=" ">
      <subfield code="b">Hessen-Darmstadtischer Kammerdiener. 1599 In Słońsk geboren, Sohn des Pfarrers zu Krzeszyce Michael Gabler. Laut Leichenpredigt begibt sich 1616 in eine Reise in Niederlanden und Frankreich mit dem Freiherr Christian von Ilow, vermutlich als Geselle und Diener; tritt von da an in Dienst von Friedrich I. von Hessen-Homburg; in Darmstadt den 4. Januar 1620, Kammerdiener von Georg II. von Hessen-Darmstadt. Stirbt 1631 an einer Krankheit.</subfield>
    </datafield>
  </record>
